@Article{         numpy,
 title         = {Array programming with {NumPy}},
 author        = {Charles R. Harris and K. Jarrod Millman and St{'{e}}fan J.
                 van der Walt and Ralf Gommers and Pauli Virtanen and David
                 Cournapeau and Eric Wieser and Julian Taylor and Sebastian
                 Berg and Nathaniel J. Smith and Robert Kern and Matti Picus
                 and Stephan Hoyer and Marten H. van Kerkwijk and Matthew
                 Brett and Allan Haldane and Jaime Fern{'{a}}ndez del
                 R{'{\i}}o and Mark Wiebe and Pearu Peterson and Pierre
                 G{'{e}}rard-Marchant and Kevin Sheppard and Tyler Reddy and
                 Warren Weckesser and Hameer Abbasi and Christoph Gohlke and
                 Travis E. Oliphant},
 year          = {2020},
 month         = sep,
 journal       = {Nature},
 volume        = {585},
 number        = {7825},
 pages         = {357--362},
 doi           = {10.1038/s41586-020-2649-2},
 publisher     = {Springer Science and Business Media {LLC}},
 url           = {https://doi.org/10.1038/s41586-020-2649-2}
}

@article{binary,
  title={Binary relevance for multi-label learning: an overview},
  author={Zhang, Min-Ling and Li, Yu-Kun and Liu, Xu-Ying and Geng, Xin},
  journal={Frontiers of Computer Science},
  volume={12},
  number={2},
  pages={191--202},
  year={2018},
  publisher={Springer}
}

@article{fisher,
  title={THE USE OF MULTIPLE MEASUREMENTS IN TAXONOMIC PROBLEMS},
  author={R. A. Fisher},
  journal={Annals of Eugenics},
  volume={7},
  number={2},
  pages={179--188},
  year={1936}
}

@article{singular,
author = {Raudys, Sarunas and Jain, Anil},
year = {1991},
month = {04},
pages = {252-264},
title = {Small Sample Size Effects in Statistical Pattern Recognition: Recommendations for Practitioners},
volume = {13},
journal = {Pattern Analysis and Machine Intelligence, IEEE Transactions on}
}

@article{face,
author = {Peter N. Belhumeur, João P Hespanha and David Kriegman},
year = {1997},
pages = {711--720},
title = {Eigenfaces vs. fisherfaces: Recognition using class specific linear projection},
volume = {19},
number = {7},
journal = {Pattern Analysis and Machine Intelligence, IEEE Transactions on}
}

@inproceedings{statanalysis,
  title={Applied Multivariate Statistical Analysis},
  author={W. H{\"a}rdle and L. Simar},
  year={2003}
}

@article{fisherUt,
author = {Fisher, R. A.},
title = {THE STATISTICAL UTILIZATION OF MULTIPLE MEASUREMENTS},
journal = {Annals of Eugenics},
volume = {8},
number = {4},
pages = {376-386},
abstract = {The articles published by the Annals of Eugenics (1925–1954) have been made available online as an historical archive intended for scholarly use. The work of eugenicists was often pervaded by prejudice against racial, ethnic and disabled groups. The online publication of this material for scholarly research purposes is not an endorsement of those views nor a promotion of eugenics in any way.},
year = {1938}
}

@article{dimred,
  author = {Van Der Maaten, Laurens and Postma, Eric and Van den Herik, Jaap},
  journal = {J Mach Learn Res},
  pages = {66-71},
  title = {Dimensionality reduction: a comparative review},
  volume = 10,
  year = 2009
}

@article{op1,
  author = {Z. {Cao} and G. {Hidalgo Martinez} and T. {Simon} and S. {Wei} and Y. A. {Sheikh}},
  journal = {IEEE Transactions on Pattern Analysis and Machine Intelligence},
  title = {OpenPose: Realtime Multi-Person 2D Pose Estimation using Part Affinity Fields},
  year = {2019}
}

@inproceedings{op2,
  author = {Tomas Simon and Hanbyul Joo and Iain Matthews and Yaser Sheikh},
  booktitle = {CVPR},
  title = {Hand Keypoint Detection in Single Images using Multiview Bootstrapping},
  year = {2017}
}

@inproceedings{op3,
  author = {Zhe Cao and Tomas Simon and Shih-En Wei and Yaser Sheikh},
  booktitle = {CVPR},
  title = {Realtime Multi-Person 2D Pose Estimation using Part Affinity Fields},
  year = {2017}
}

@inproceedings{op4,
  author = {Shih-En Wei and Varun Ramakrishna and Takeo Kanade and Yaser Sheikh},
  booktitle = {CVPR},
  title = {Convolutional pose machines},
  year = {2016}
}

@misc{appendix,
  author = {Authors},
  title = {Appendix 1},
  year = {2021},
  note = {Supplied as additional material appendix.pdf}
}

@article{detmax,
  title={Determinant maximization with linear matrix inequality constraints},
  author={Vandenberghe, Lieven and Boyd, Stephen and Wu, Shao-Po},
  journal={SIAM journal on matrix analysis and applications},
  volume={19},
  number={2},
  pages={499--533},
  year={1998}
}
